@article{marwick2011tweet,
  title={I tweet honestly, I tweet passionately: Twitter users, context collapse, and the imagined audience},
  author={Marwick, Alice E and Boyd, Danah},
  journal={New media \& society},
  volume={13},
  number={1},
  pages={114--133},
  year={2011},
  publisher={Sage Publications Sage UK: London, England}
}

@book{boyd2008taken,
  title={Taken out of context: American teen sociality in networked publics},
  author={Boyd, Danah Michele},
  year={2008},
  publisher={University of California, Berkeley}
}

@misc{twitterhover,
  author = {{Twitter Inc.}},
  title = {{Flying Around With Hovercards}},
  howpublished = {\url{https://blog.twitter.com/official/en_us/a/2010/flying-around-with-hovercards.html}},
  year = {2010}, 
  note = "[Online; accessed 17-Oct-2018]"
}

@book{anderson2006imagined,
  title={Imagined communities: Reflections on the origin and spread of nationalism},
  author={Anderson, Benedict},
  year={2006},
  publisher={Verso Books}
}

@misc{unicodeemoji,
  author={{The Unicode Consortium}},
  title={Unicode\textregistered Technical Standard \#51},
  howpublished = {\url{https://unicode.org/reports/tr51/\#Flags}}
}

@article{boellstorff2016against,
  title={Against state straightism: Five principles for including lgbt Indonesians},
  author={Boellstorff, Tom},
  journal={E-International Relations},
  volume={21},
  pages={181--207},
  year={2016}
}

@article{robertson2018self,
  title={Self-Representation on Twitter Using Emoji Skin Color Modifiers},
  author={Robertson, Alexander and Magdy, Walid and Goldwater, Sharon},
  journal={arXiv preprint arXiv:1803.10738},
  year={2018}
}

@misc{accessibilityEmoji,
  author={{Apple Inc.}},
  title={Proposal For New Accessibility Emoji},
  howpublished={\url{https://www.unicode.org/L2/L2018/18080-accessibility-emoji.pdf}}
}

@article{emojitracker,
  title={Emojitracker: realtime emoji use on Twitter},
  author={Rothenberg, M},
  journal={Retrieved April},
  volume={28},
  pages={2017},
  year={2013}
}
